@Article{Huang1989,
author={Huang, Xiaoqiu},
title={A space-efficient parallel sequence comparison algorithm for a message-passing multiprocessor},
journal={International Journal of Parallel Programming},
year={1989},
month={Jun},
day={01},
volume={18},
number={3},
pages={223--239},
url={https://doi.org/10.1007/BF01407900}
}

